@misc{webcomponents,
  author = {Mozilla},
  title = {{Web Components}},
  howpublished = "\url{https://developer.mozilla.org/en-US/docs/Web/Web_Components}",
  year = {2021},
  note = "[Online; accessed 10-October-2021]"
}

@misc{dom,
  author = {Mozilla},
  title = {{DOM}},
  howpublished = "\url{https://www.w3schools.com/js/js_htmldom.asp}",
  year = {2021},
  note = "[Online; accessed 10-October-2021]"
}

@misc{broadcastChannel,
  author = {Mozilla},
  title = {{DOM}},
  howpublished = "\url{https://developer.mozilla.org/en-US/docs/Web/API/Broadcast_Channel_API}",
  year = {2021},
  note = "[Online; accessed 10-October-2021]"
}

@book{ssr,
  author = {Michael Geers},
  year = {2020},
  title = {Microfrontends in action},
  publisher = {Manning}
}

@misc{angularUniversal,
  author = {Google},
  title = {{Server-side rendering (SSR) with Angular Universal}},
  howpublished = "\url{https://angular.io/guide/universal}",
  year = {2021},
  note = "[Online; accessed 15-October-2021]"
}

@misc{http2,
  author = {Ilya Grigorik},
  title = {{High Performance Browser Networking - Optimizing Application Delivery}},
  howpublished = "\url{https://hpbn.co/optimizing-application-delivery/#minimize-concatenation-and-image-spriting}",
  year = {2013},
  note = "[Online; accessed 25-October-2021]"
}

@misc{angular,
  author = {Google},
  title = {{Angular Docs}},
  howpublished = "\url{https://angular.io/docs}",
  year = {2021},
  note = "[Online; accessed 4-November-2021]"
}




@misc{webpackModifica,
  author = {Nicholas Favero},
  title = {{Multiple Angular Apps on a single page}},
  howpublished = "\url{https://medium.com/swlh/multiple-angular-apps-on-a-single-page-9f49bc863177}",
  year = {2019},
  note = "[Online; accessed 4-November-2021]"
}



@misc{repogit,
  author = {Matteo Bavecchi},
  title = {{angular-element-example}},
  howpublished = "\url{https://github.com/MatteoBavecchi/angular-elements-example}",
  year = {2021},
  note = "[Online; accessed 4-November-2021]"
}

@misc{nebula,
  author = {Akveo},
  title = {{Nebula}},
  howpublished = "\url{https://akveo.github.io/nebular/}",
  year = {2021},
  note = "[Online; accessed 8-November-2021]"
}



@misc{mosaic,
  author = {Zalando},
  title = {{Mosaic}},
  howpublished = "\url{https://www.mosaic9.org/}",
  year = {2021},
  note = "[Online; accessed 9-November-2021]"
}

@misc{fbdown,
  author = {Samantha Subin - CNBC},
  title = {{Facebookâ€™s outage }},
  howpublished = "\url{https://www.cnbc.com/2021/10/09/facebook-instagram-outage-hurt-creators-small-businesses.html}",
  year = {2021},
  note = "[Online; accessed 14-November-2021]"
}
@misc{istat,
  author = {ANSA},
  title = {{Istat, calano vendite ma cresce e-commerce}},
  howpublished = "\url{https://www.ansa.it/sito/notizie/economia/2021/01/12/commercio-istat-calo-vendite-del-69-a-novembre.-bankitalia-covid-pesa-sulle-pmi_a2343dad-a259-48e8-85df-7ebf93dfac4f.html}",
  year = {2021},
  note = "[Online; accessed 14-November-2021]"
}